<?xml version="1.0" encoding="UTF-8"?><collection xmlns="http://www.loc.gov/MARC21/slim"><record><leader>00496nam--2200193-u-4500</leader><controlfield tag="001">000052059</controlfield><controlfield tag="002">20161230</controlfield><controlfield tag="005">20161230201049</controlfield><controlfield tag="008">090611s1000------------r-----000-0-eng-d</controlfield><datafield ind1=" " ind2=" " tag="020"><subfield code="a">1-56396-731-6</subfield></datafield><datafield ind1=" " ind2=" " tag="040"><subfield code="a">IFIN-HH</subfield></datafield><datafield ind1=" " ind2=" " tag="080"><subfield code="a">530.182</subfield></datafield><datafield ind1="1" ind2=" " tag="100"><subfield code="a">Parsa,Zohreh</subfield></datafield><datafield ind1="1" ind2=" " tag="245"><subfield code="a">Beam Stability and Nonlinear Dynamics</subfield></datafield><datafield ind1=" " ind2=" " tag="260"><subfield code="a">New York</subfield><subfield code="b">American Institute of Physics</subfield><subfield code="c">1997</subfield></datafield><datafield ind1=" " ind2=" " tag="300"><subfield code="a">237 p</subfield></datafield><datafield ind1=" " ind2="4" tag="650"><subfield code="a">Nonlinear Dynamics</subfield></datafield><datafield ind1=" " ind2=" " tag="852"><subfield code="a">81548</subfield><subfield code="c">517.9</subfield></datafield><datafield ind1=" " ind2=" " tag="CAT"><subfield code="a">Sys</subfield><subfield code="c">20090611</subfield><subfield code="h">100326</subfield></datafield></record></collection>